@article{bailey1995unsupervised,
  title={Unsupervised learning of multiple motifs in biopolymers using expectation maximization},
  author={Bailey, Timothy L and Elkan, Charles},
  journal={Machine learning},
  volume={21},
  number={1-2},
  pages={51--80},
  year={1995},
  publisher={Springer}
}

@article{blanchette2002discovery,
  title={Discovery of regulatory elements by a computational method for phylogenetic footprinting},
  author={Blanchette, Mathieu and Tompa, Martin},
  journal={Genome research},
  volume={12},
  number={5},
  pages={739--748},
  year={2002},
  publisher={Cold Spring Harbor Lab}
}

@article{das2007survey,
  title={A survey of DNA motif finding algorithms},
  author={Das, Modan K and Dai, Ho-Kwok},
  journal={BMC bioinformatics},
  volume={8},
  number={Suppl 7},
  pages={S21},
  year={2007},
  publisher={BioMed Central Ltd}
}

@inproceedings{dasari2010efficient,
  title={An efficient multicore implementation of planted motif problem},
  author={Dasari, Naga Shailaja and Desh, Ranjan and Zubair, Mohammad},
  booktitle={High Performance Computing and Simulation (HPCS), 2010 International Conference on},
  pages={9--15},
  year={2010},
  organization={IEEE}
}

@article{eskin2002finding,
  title={Finding composite regulatory patterns in DNA sequences},
  author={Eskin, Eleazar and Pevzner, Pavel A},
  journal={Bioinformatics},
  volume={18},
  number={suppl 1},
  pages={S354--S363},
  year={2002},
  publisher={Oxford Univ Press}
}

@inproceedings{huo2009combining,
  title={Combining genetic algorithm and random projection strategy for (l, d)-motif discovery},
  author={Huo, Hongwei and Zhao, Zhenhua and Stojkovic, Vojislav and Liu, Lifang},
  booktitle={Bio-Inspired Computing, 2009. BIC-TA'09. Fourth International Conference on},
  pages={1--6},
  year={2009},
  organization={IEEE}
}

@article{lawrence1990expectation,
  title={An expectation maximization (EM) algorithm for the identification and characterization of common sites in unaligned biopolymer sequences},
  author={Lawrence, Charles E and Reilly, Andrew A},
  journal={Proteins: Structure, Function, and Bioinformatics},
  volume={7},
  number={1},
  pages={41--51},
  year={1990},
  publisher={Wiley Online Library}
}

@article{lawrence1993detecting,
  title={Detecting subtle sequence signals: a Gibbs sampling strategy for multiple alignment},
  author={Lawrence, Charles E and Altschul, Stephen F and Boguski, Mark S and Liu, Jun S and Neuwald, Andrew F and Wootton, John C},
  journal={science},
  volume={262},
  number={5131},
  pages={208--214},
  year={1993},
  publisher={American Association for the Advancement of Science}
}

@phdthesis{nabos2015dissertation,
  title={New Heuristics and Exact Algorithms for the Planted DNA ($l,d$)-Motif Finding Problem},
  author={Julieta Q. Nabos},
  school={Ateneo de Manila University},
  year={2015}
}

@inproceedings{pevzner2000combinatorial,
  title={Combinatorial approaches to finding subtle signals in DNA sequences.},
  author={Pevzner, Pavel A and Sze, Sing-Hoi and others},
  booktitle={ISMB},
  volume={8},
  pages={269--278},
  year={2000}
}

@article{pms2007,
  title={Fast and practical algorithms for planted (l, d) motif search},
  author={Davila, Jaime and Balla, Sudha and Rajasekaran, Sanguthevar},
  journal={Computational Biology and Bioinformatics, IEEE/ACM Transactions on},
  volume={4},
  number={4},
  pages={544--552},
  year={2007},
  publisher={IEEE}
}

@article{pms2014,
  title={Efficient sequential and parallel algorithms for planted motif search},
  author={Nicolae, Marius and Rajasekaran, Sanguthevar},
  journal={BMC bioinformatics},
  volume={15},
  number={1},
  pages={34},
  year={2014},
  publisher={BioMed Central Ltd}
}

@article{pms2015,
  title={qPMS9: An Efficient Algorithm for Quorum Planted Motif Search},
  author={Nicolae, Marius and Rajasekaran, Sanguthevar},
  journal={Scientific reports},
  volume={5},
  year={2015},
  publisher={Nature Publishing Group}
}

@article{stewart2012transcription,
  title={Why transcription factor binding sites are ten nucleotides long},
  author={Stewart, Alexander J and Hannenhalli, Sridhar and Plotkin, Joshua B},
  journal={Genetics},
  volume={192},
  number={3},
  pages={973--985},
  year={2012},
  publisher={Genetics Soc America}
}

@article{zhu1999scpd,
  title={SCPD: a promoter database of the yeast Saccharomyces cerevisiae.},
  author={Zhu, Jian and Zhang, Michael Q.},
  journal={Bioinformatics},
  volume={15},
  number={7},
  pages={607--611},
  year={1999},
  publisher={Oxford Univ Press}
}